@misc{eqhsPennStateWebsite,
  author = "William H. Brune",
  title  = {{The Atmosphere’s Pressure Structure: Hydrostatic Equilibrium}},
  url   = "https://www.e-education.psu.edu/meteo300/node/7"
}

@article{newtonianCafe,
  AUTHOR  = {J. J. González-Avilés and A. Cruz-Osorio and F. D. Lora-Clavijo and F. S. Guzmán},
  JOURNAL = {Monthly Notices of the Royal Astronomical Society},
  NUMBER  = {},
  TITLE   = {{Newtonian CAFE: a new ideal MHD code to study the solar atmosphere}},
  VOLUME  = {},
  YEAR    = {2015},
  MONTH   = {Agosto}
}

@article{c7ModelPaper,
  AUTHOR  = {Eugene H. Avrett and Rudolf Loeser},
  JOURNAL = {The Astrophysical Journal Supplement Series},
  NUMBER  = {},
  TITLE   = {MODELS OF THE SOLAR CHROMOSPHERE AND TRANSITION REGION FROM SUMER AND HRTS OBSERVATIONS: FORMATION OF THE EXTREME-ULTRAVIOLET SPECTRUM OF HYDROGEN, CARBON, AND OXYGEN},
  VOLUME  = {},
  YEAR    = {2007},
  MONTH   = {Septiembre}
}